@book{test, 
  added-at = {2016-05-28T11:32:58.000+0200},
  address = {Z\"{u}rich},
  biburl = {https://www.bibsonomy.org/bibtex/282fd129e6a7cba0ad54c64e0a34f795c/flint63},
  description = {12. Auflage 2012},
  edition = 13,
  editor = {Haberfellner, Reinhard and de Weck, Olivier L. and Fricke, Ernst and V\"{o}ssner, Siegfried},
  file = {OFV Product page:http\://www.ofv.ch/?pagename=sdt&id=14546:URL;Amazon Search inside:http\://www.amazon.de/gp/reader/328004068X/:URL},
  groups = {public},
  interhash = {639c6250b5b1da815ed0ad46b1f2cc78},
  intrahash = {82fd129e6a7cba0ad54c64e0a34f795c},
  isbn = {978-3-280-04068-3},
  keywords = {01624 101 book shelf system engineering development design process project management intro},
  publisher = {Orell F\"{u}ssli},
  timestamp = {2017-07-13T17:34:22.000+0200},
  title = {Systems Engineering: Grundlagen und Anwendung},
  username = {flint63},
  year = 2015
}

@book{Syshandb2000,
	added-at = {2008-07-29T11:08:07.000+0200},
	biburl = {https://www.bibsonomy.org/bibtex/2123b885948042dc7296ecfca7b4e5bfc/stephan_dlr},
	editor = {on Systems Engineering, International Council},
	interhash = {8f42b262d39587cba43eaa13428def7c},
	intrahash = {123b885948042dc7296ecfca7b4e5bfc},
	keywords = {INCOSE Systems-Engineering},
	timestamp = {2008-07-29T11:08:07.000+0200},
	title = {INCOSE Systems Engineering Handbook},
	volume = {2.0},
	year = 2000
}

@article{sra61,
   author={Sebastian Ruder},
   title={An overview of gradient descent optimization algorithms},
   journal={
Insight Centre for Data Analytics, NUI Galway},
   year=2017,
}
@article{JZ2019,
  author    = {Jiawei Zhang},
  title     = {Gradient Descent based Optimization Algorithms for Deep Learning Models
               Training},
  journal   = {CoRR},
  volume    = {abs/1903.03614},
  year      = {2019},
  url       = {http://arxiv.org/abs/1903.03614},
  archivePrefix = {arXiv},
  eprint    = {1903.03614},
  timestamp = {Fri, 13 Nov 2020 12:46:56 +0100},
  biburl    = {https://dblp.org/rec/journals/corr/abs-1903-03614.bib},
  bibsource = {dblp computer science bibliography, https://dblp.org}
}

@online{Wikipedia,
  author = "Wikipedia",
  title = "Wikipedia Gradient descent",
  year = 2021,
  url = {\url{https://en.m.wikipedia.org/wiki/Gradient_descent}}},
}
@online{MLGl,
  author = "ML Glossary",
  title = " Gradient descent",
  year = 2017,
  url = {\url{https://ml-cheatsheet.readthedocs.io/en/latest/gradient_descent.html}}},
}